@article{madanayaka2018,
  author = {Madanayaka, T. A. and Sivakugan, N.},
  title = {Simple solutions for square and rectangular cofferdam seepage problems},
  journal = {Canadian Geotechnical Journal},
  year = {2018},
}

 @inproceedings{sumer2009,
  author = {Sumer, B. M.},
  title = {Liquefaction Around Marine Structures},
  booktitle = {Coastal Structures 2007},
  year = {2009},
}

@BOOK{budhu2011,
    AUTHOR    = {M. Budhu},
    TITLE     = {Soil Mechanics and Foundations},
    EDITION   = {3rd ed.},
    PUBLISHER = {John Wiley \& Sons},
    YEAR      = {2011},
}
